@article{feng2024filament,
  title={Filament formation drives catalysis by glutaminase enzymes important in cancer progression},
  author={Feng, Shi and Aplin, Cody and Nguyen, Thuy-Tien T and Milano, Shawn K and Cerione, Richard A},
  journal={Nature Communications},
  volume={15},
  number={1},
  pages={1971},
  year={2024},
  publisher={Nature Publishing Group UK London}
}

@article{hashizume2011crystal,
  title={Crystal structures of protein glutaminase and its pro forms converted into enzyme-substrate complex},
  author={Hashizume, Ryota and Maki, Yukiko and Mizutani, Kimihiko and Takahashi, Nobuyuki and Matsubara, Hiroyuki and Sugita, Akiko and Sato, Kimihiko and Yamaguchi, Shotaro and Mikami, Bunzo},
  journal={Journal of Biological Chemistry},
  volume={286},
  number={44},
  pages={38691--38702},
  year={2011},
  publisher={ASBMB}
}

@article{miao2015gaussian,
  title={Gaussian accelerated molecular dynamics: unconstrained enhanced sampling and free energy calculation},
  author={Miao, Yinglong and Feher, Victoria A and McCammon, J Andrew},
  journal={Journal of chemical theory and computation},
  volume={11},
  number={8},
  pages={3584--3595},
  year={2015},
  publisher={ACS Publications}
}