@article{rahman1964correlations,
  title={Correlations in the motion of atoms in liquid argon},
  author={Rahman, Aneesur},
  journal={Physical review},
  volume={136},
  number={2A},
  pages={A405},
  year={1964},
  publisher={APS}
}